<record><leader>00000cas a22000007a 4500</leader><controlfield tag="001">8801363</controlfield><controlfield tag="008">820923d18331836inuwr ne      0    0eng  </controlfield><datafield ind1=" " ind2=" " tag="010"><subfield code="a">sn 82003375 </subfield></datafield><datafield ind1=" " ind2=" " tag="040"><subfield code="a">DLC</subfield><subfield code="b">eng</subfield><subfield code="c">DLC</subfield><subfield code="d">NPY</subfield><subfield code="d">NPI</subfield><subfield code="d">DLC</subfield><subfield code="d">OCLCQ</subfield></datafield><datafield ind1=" " ind2=" " tag="042"><subfield code="a">msc</subfield></datafield><datafield ind1="0" ind2="0" tag="050"><subfield code="a">Newspaper 7701-X</subfield></datafield><datafield ind1="0" ind2=" " tag="130"><subfield code="a">Federal union (Knightstown, Ind.)</subfield></datafield><datafield ind1="1" ind2="4" tag="245"><subfield code="a">The Federal union.</subfield></datafield><datafield ind1=" " ind2=" " tag="260"><subfield code="a">Knightstown, Ind. :</subfield><subfield code="b">J. Silver</subfield></datafield><datafield ind1=" " ind2=" " tag="300"><subfield code="a">v. ;</subfield><subfield code="c">49-69 cm.</subfield></datafield><datafield ind1=" " ind2=" " tag="310"><subfield code="a">Weekly</subfield></datafield><datafield ind1="1" ind2=" " tag="362"><subfield code="a">Began in 1833; ceased in 1836.</subfield></datafield><datafield ind1=" " ind2=" " tag="580"><subfield code="a">In 1833, James Silver bought the press used to print the: Knightstown sun and used it to establish the: Federal union. Cf. Miller.</subfield></datafield><datafield ind1=" " ind2=" " tag="588"><subfield code="a">Description based on: Vol. 1, no. 20 (Aug. 31, 1833).</subfield></datafield><datafield ind1=" " ind2=" " tag="752"><subfield code="a">United States</subfield><subfield code="b">Indiana</subfield><subfield code="c">Henry</subfield><subfield code="d">Knightstown.</subfield></datafield><datafield ind1="0" ind2="0" tag="785"><subfield code="t">Knightstown banner (Knightstown, Ind. : 1836)</subfield></datafield><datafield ind1="1" ind2=" " tag="787"><subfield code="t">Knightstown sun (Knightstown, Ind. : 1831)</subfield></datafield><datafield ind1="1" ind2=" " tag="029"><subfield code="a">AU@</subfield><subfield code="b">000025821165</subfield></datafield></record>